<record><leader>00000cas a22000007a 4500</leader><controlfield tag="001">16959305</controlfield><controlfield tag="008">871110d19271954ohuwr ne      0    0eng d</controlfield><datafield ind1=" " ind2=" " tag="010"><subfield code="a">sn 87076850 </subfield></datafield><datafield ind1=" " ind2=" " tag="040"><subfield code="a">ONP</subfield><subfield code="b">eng</subfield><subfield code="c">ONP</subfield><subfield code="d">OCLCQ</subfield></datafield><datafield ind1=" " ind2=" " tag="042"><subfield code="a">msc</subfield></datafield><datafield ind1="0" ind2="0" tag="245"><subfield code="a">Wayne observer.</subfield></datafield><datafield ind1=" " ind2=" " tag="260"><subfield code="a">Wayne, Ohio :</subfield><subfield code="b">H.L. Hodges,</subfield><subfield code="c">-1954.</subfield></datafield><datafield ind1=" " ind2=" " tag="310"><subfield code="a">Weekly</subfield></datafield><datafield ind1="1" ind2=" " tag="362"><subfield code="a">Began with Jan. 21, 1927 issue.</subfield></datafield><datafield ind1="0" ind2=" " tag="362"><subfield code="a">-60th year, no. 23 (Sept. 30, 1954).</subfield></datafield><datafield ind1=" " ind2=" " tag="588"><subfield code="a">Description based on: 56th year, no. 5 (May 19, 1949).</subfield></datafield><datafield ind1=" " ind2=" " tag="752"><subfield code="a">United States</subfield><subfield code="b">Ohio</subfield><subfield code="c">Wood</subfield><subfield code="d">Wayne.</subfield></datafield><datafield ind1="0" ind2="0" tag="780"><subfield code="t">Prairie Depot observer</subfield><subfield code="w">(DLC)sn 90068224</subfield></datafield><datafield ind1="0" ind2="7" tag="785"><subfield code="t">Bradner advocate</subfield><subfield code="w">(DLC)sn 87076837</subfield></datafield><datafield ind1="0" ind2="7" tag="785"><subfield code="t">Observer-advocate</subfield><subfield code="w">(DLC)sn 87076851</subfield></datafield></record>